@article{complicatedbehavior,
	author = {Dellnitz, Michael and Junge, Oliver},
	title = {On the Approximation of Complicated Dynamical Behavior},
	journal = {SIAM Journal on Numerical Analysis},
	volume = {36},
	number = {2},
	pages = {491-515},
	year = {1999},
	doi = {10.1137/S0036142996313002}
}

@misc{gaiocuda,
  author = {A},
  note   = {Thesis},
  title  = {GAIO.jl: Set-oriented Methods for Approximating Invariant Objects, and their Implementation in Julia},
  year   = {2022},
  url    = {https://github.com/April-Hannah-Lena/schoolwork/blob/2eada059678d91bad8a813c3e6b657a1ac72e86f/Thesis/main.pdf}
}

@Article{DeHo:97,
 Author = {Dellnitz, Michael and Hohmann, Andreas},
 Title = {A subdivision algorithm for the computation of unstable manifolds and global attractors},
 FJournal = {Numerische Mathematik},
 Journal = {Numer. Math.},
 ISSN = {0029-599X},
 Volume = {75},
 Number = {3},
 Pages = {293--317},
 Year = {1997},
 Language = {English},
 DOI = {10.1007/s002110050240},
 Keywords = {65L05,37C70,65L70},
 zbMATH = {1027736},
 Zbl = {0883.65060}
}
